@techreport{Benabou2022,
	title = {It {Hurts} to {Ask}},
	institution = {National Bureau of Economic Research},
	author = {Bénabou, Roland and Jaroszewicz, Ania and Loewenstein, George},
	year = {2022},
}

@article{Gill2012,
	title = {A structural analysis of disappointment aversion in a real effort competition},
	volume = {102},
	issn = {0002-8282},
	number = {1},
	journal = {American Economic Review},
	author = {Gill, David and Prowse, Victoria},
	year = {2012},
	note = {Publisher: American Economic Association},
	pages = {469--503},
}

@article{Shalvi2019,
	title = {Shooting the messenger? supply and demand in markets for willful ignorance},
	author = {Shalvi, Shaul and Soraperra, Ivan and van der Weele, Joel J and Villeval, Marie Claire},
	year = {2019},
	note = {Publisher: Tinbergen Institute Discussion Paper 2019-071/I},
}

@article{John2019,
	title = {The self-presentational consequences of upholding one’s stance in spite of the evidence},
	volume = {154},
	issn = {0749-5978},
	journal = {Organizational Behavior and Human Decision Processes},
	author = {John, Leslie K and Jeong, Martha and Gino, Francesca and Huang, Laura},
	year = {2019},
	note = {Publisher: Elsevier},
	pages = {1--14},
}

@article{Loewenstein2018,
	title = {The renaissance of belief-based utility in economics},
	volume = {2},
	issn = {2397-3374},
	number = {3},
	journal = {Nature Human Behaviour},
	author = {Loewenstein, George and Molnar, Andras},
	year = {2018},
	note = {Publisher: Nature Publishing Group UK London},
	pages = {166--167},
}

@article{Loewenstein1987,
	title = {Anticipation and the valuation of delayed consumption},
	volume = {97},
	issn = {0013-0133},
	number = {387},
	journal = {The Economic Journal},
	author = {Loewenstein, George},
	year = {1987},
	note = {Publisher: Oxford University Press Oxford, UK},
	pages = {666--684},
}

@article{Benjamin2015,
	title = {Advice from experience: {Communicating} incomplete information incompletely},
	volume = {28},
	issn = {0894-3257},
	number = {1},
	journal = {Journal of Behavioral Decision Making},
	author = {Benjamin, Daniel and Budescu, David V},
	year = {2015},
	note = {Publisher: Wiley Online Library},
	pages = {36--49},
}

@article{Jonas2003,
	title = {Information search and presentation in advisor–client interactions},
	volume = {91},
	issn = {0749-5978},
	number = {2},
	journal = {Organizational Behavior and Human Decision Processes},
	author = {Jonas, Eva and Frey, Dieter},
	year = {2003},
	note = {Publisher: Elsevier},
	pages = {154--168},
}

@article{Kray2000,
	title = {Contingent weighting in self-other decision making},
	volume = {83},
	issn = {0749-5978},
	number = {1},
	journal = {Organizational behavior and human decision processes},
	author = {Kray, Laura J},
	year = {2000},
	note = {Publisher: Elsevier},
	pages = {82--106},
}

@article{Kray1999,
	title = {Differential weighting in choice versus advice: {I}’ll do this, you do that},
	volume = {12},
	issn = {0894-3257},
	number = {3},
	journal = {Journal of Behavioral Decision Making},
	author = {Kray, Laura and Gonzalez, Richard},
	year = {1999},
	note = {Publisher: Wiley Online Library},
	pages = {207--218},
}

@article{Ache2020,
	title = {Advisors want their advice to be used–but not too much: {An} interpersonal perspective on advice taking},
	volume = {89},
	issn = {0022-1031},
	journal = {Journal of Experimental Social Psychology},
	author = {Ache, Fabian and Rader, Christina and Hütter, Mandy},
	year = {2020},
	note = {Publisher: Elsevier},
	pages = {103979},
}

@article{Koszegi2006,
	title = {A model of reference-dependent preferences},
	volume = {121},
	issn = {1531-4650},
	number = {4},
	journal = {The Quarterly Journal of Economics},
	author = {Kőszegi, Botond and Rabin, Matthew},
	year = {2006},
	note = {Publisher: MIT Press},
	pages = {1133--1165},
}

@article{Exley2022,
	title = {The gender gap in confidence: {Expected} but not accounted for},
	journal = {Available at SSRN 4352381},
	author = {Exley, Christine and Nielsen, Kirby},
	year = {2022},
}

@article{Kanze2018,
	title = {We ask men to win and women not to lose: {Closing} the gender gap in startup funding},
	volume = {61},
	issn = {0001-4273},
	number = {2},
	journal = {Academy of Management Journal},
	author = {Kanze, Dana and Huang, Laura and Conley, Mark A and Higgins, E Tory},
	year = {2018},
	note = {Publisher: Academy of Management Briarcliff Manor, NY},
	pages = {586--614},
}

@article{Fiske2007,
  title={Universal dimensions of social cognition: Warmth and competence},
  author={Fiske, Susan T and Cuddy, Amy JC and Glick, Peter},
  journal={Trends in cognitive sciences},
  volume={11},
  number={2},
  pages={77--83},
  year={2007},
  publisher={Elsevier}
}
